@article{morison1950,
  title={The force exerted by surface waves on piles},
  author={Morison, JR and Johnson, JW and Schaaf, SA and others},
  journal={Journal of Petroleum Technology},
  volume={2},
  number={05},
  pages={149--154},
  year={1950},
  publisher={Society of Petroleum Engineers}
}
